@misc{Atharvaveda,
	author={Wikipedia},
	title = {Atharvaveda},
	howpublished = {\url{https://en.wikipedia.org/wiki/Atharvaveda}},
	note ={Edited: 2016},
}
